@article{paper1,
  author  = {Kelleher, Casey and Miller, Daniel and Osborn, Trenton and Weston, Anthony},
  title   = {Strongly non-embeddable metric spaces},
  journal = {Topology Appl.},
  volume  = {159},
  year    = {2012},
  number  = {3},
  pages   = {749--755}
}

@article{paper2,
  author  = {Kelleher, Casey and Miller, Daniel and Osborn, Trenton and Weston, Anthony},
  title   = {Polygonal equalities and virtual degeneracy in {$L_p$}-spaces},
  journal = {J. Math. Anal. Appl.},
  volume  = {415},
  year    = {2014},
  number  = {1},
  pages   = {247--268}
}
